@online{definitionInternetForum,
    author = "PCMag",
    year = "2020",
    title = "Definition of Internet forum",
    url  = "https://www.pcmag.com/encyclopedia/term/internet-forum",
    addendum = "(pristupljeno: 14.07.2020)",
}
@online{lurker,
    author = "Urban Dictionary",
    year = "2003",
    title = "Lurker",
    url  = "https://www.urbandictionary.com/define.php?term=lurker",
    addendum = "(pristupljeno: 15.07.2020)",
}
@online{adminvsmoderator,
    author = "Difference Between",
    year = "2017",
    title = "Difference between Admin and Moderator",
    url  = "http://www.differencebetween.info/difference-between-admin-and-moderator",
    addendum = "(pristupljeno: 15.07.2020)",
}
@online{vbulletinhelp,
    author = "vBulletin",
    year = "2020",
    title = "vBulletin Community Forum help",
    url  = "https://forum.vbulletin.com/help",
    addendum = "(pristupljeno: 15.07.2020)",
}
@online{rules,
    author = "eukhost",
    year = "2010",
    title = "Forum Rules And Policies",
    url  = "https://www.eukhost.com/blog/webhosting/forum-rules-and-policies/",
    addendum = "(pristupljeno: 15.07.2020)",
}
@online{forumhistory,
    author = "Quora",
    year = "2018",
    title = "When did the first Internet forum start and which was it?",
    url  = "https://www.quora.com/When-did-the-first-Internet-forum-start-and-which-was-it",
    addendum = "(pristupljeno: 15.07.2020)",
}
